@inproceedings{barreto2002constructing,
  title={Constructing elliptic curves with prescribed embedding degrees},
  author={Barreto, Paulo SLM and Lynn, Ben and Scott, Michael},
  booktitle={International conference on security in communication networks},
  pages={257--267},
  year={2002},
  organization={Springer}
}
@misc{bls12381spec,
  author = {Sean Bowe},
  title = {{BLS 12-381: New zk-SNARK Elliptic Curve Construction}},
  howpublished = "\url{https://electriccoin.co/blog/new-snark-curve/}",
  year = {2017}, 
  note = "[Online; accessed 31-May-2022]"
}
@article{kate2012distributed,
  title={Distributed key generation in the wild},
  author={Kate, Aniket and Huang, Yizhou and Goldberg, Ian},
  journal={Cryptology ePrint Archive},
  year={2012}
}
@inproceedings{kate2009distributed,
  title={Distributed key generation for the internet},
  author={Kate, Aniket and Goldberg, Ian},
  booktitle={2009 29th IEEE International Conference on Distributed Computing Systems},
  pages={119--128},
  year={2009},
  organization={IEEE}
}
@inproceedings{cachin2002asynchronous,
  title={Asynchronous verifiable secret sharing and proactive cryptosystems},
  author={Cachin, Christian and Kursawe, Klaus and Lysyanskaya, Anna and Strobl, Reto},
  booktitle={Proceedings of the 9th ACM Conference on Computer and Communications Security},
  pages={88--97},
  year={2002}
}
@article{gennaro2007secure,
  title={Secure distributed key generation for discrete-log based cryptosystems},
  author={Gennaro, Rosario and Jarecki, Stanislaw and Krawczyk, Hugo and Rabin, Tal},
  journal={Journal of Cryptology},
  volume={20},
  number={1},
  pages={51--83},
  year={2007},
  publisher={Springer}
}
@inproceedings{pedersen1991non,
  title={Non-interactive and information-theoretic secure verifiable secret sharing},
  author={Pedersen, Torben Pryds},
  booktitle={Annual international cryptology conference},
  pages={129--140},
  year={1991},
  organization={Springer}
}
@inproceedings{bracha1984asynchronous,
  title={An asynchronous [(n-1)/3]-resilient consensus protocol},
  author={Bracha, Gabriel},
  booktitle={Proceedings of the third annual ACM symposium on Principles of distributed computing},
  pages={154--162},
  year={1984}
}
@inproceedings{castro1999practical,
  title={Practical byzantine fault tolerance},
  author={Castro, Miguel and Liskov, Barbara and others},
  booktitle={OsDI},
  volume={99},
  pages={173--186},
  year={1999}
}

@article{menezes2009introduction,
  title={An introduction to pairing-based cryptography},
  author={Menezes, Alfred},
  journal={Recent trends in cryptography},
  volume={477},
  pages={47--65},
  year={2009},
  publisher={AMS-RSME}
}